@book{gessow1952aerodynamics,
  title={Aerodynamics of the Helicopter},
  author={Gessow, Alfred and Myers, Garry C},
  year={1952},
  publisher={Frederick Ungar}
}

@inproceedings{lee2012adaptive,
  title={Adaptive Control for a VTOL UAV Operating Near a Wall},
  author={Lee, Daewon and Awan, Asad and Kim, Suseoung and Kim, H Jin},
  booktitle={AIAA Guidance, Navigation, and Control Conference},
  pages={4835},
  year={2012}
}

@inproceedings{aleksandrov2012energy,
  title={Energy consumption of mini UAV helicopters with different number of rotors},
  author={Aleksandrov, Dmitri and Penkov, Igor},
  booktitle={11th International Symposium" Topical Problems in the Field of Electrical and Power Engineering},
  pages={259--262},
  year={2012}
}

@article{kumar2012opportunities,
  title={Opportunities and challenges with autonomous micro aerial vehicles},
  author={Kumar, Vijay and Michael, Nathan},
  journal={The International Journal of Robotics Research},
  volume={31},
  number={11},
  pages={1279--1291},
  year={2012},
  publisher={SAGE Publications}
}

@phdthesis{ramli2007am21,
  title={AM21: Aerodynamics and Propulsion of an Indoor UAV},
  author={Ramli, Muhamad Azfar Bin},
  year={2007},
  school={National University of Singapore}
}

@article{Ganesh2005unsteady,
  title={Unsteady aerodynamics of rotorcraft in ground effect},
  author={alakrishnan Ganesh, B and Komerath, Narayanan},
  year={2005}
}

@inproceedings{powers2013influence,
  title={Influence of aerodynamics and proximity effects in quadrotor flight},
  author={Powers, Caitlin and Mellinger, Daniel and Kushleyev, Aleksandr and Kothmann, Bruce and Kumar, Vijay},
  booktitle={Experimental Robotics},
  pages={289--302},
  year={2013},
  organization={Springer}
 }
 
 @article{gibertini2015experimental,
  title={Experimental investigation on the aerodynamic interaction between a helicopter and ground obstacles},
  author={Gibertini, G and Grassi, D and Parolini, C and Zagaglia, D and Zanotti, A},
  journal={Proceedings of the Institution of Mechanical Engineers, Part G: Journal of Aerospace Engineering},
  volume={229},
  number={8},
  pages={1395--1406},
  year={2015},
  publisher={SAGE Publications}
}
  
  @article{beard2005autonomous,
  title={Autonomous vehicle technologies for small fixed-wing UAVs},
  author={Beard, Randal W and Kingston, Derek and Quigley, Morgan and Snyder, Deryl and Christiansen, Reed and Johnson, Walt and McLain, Timothy and Goodrich, Michael},
  journal={Journal of Aerospace Computing, Information, and Communication},
  volume={2},
  number={1},
  pages={92--108},
  year={2005}
}

@inproceedings{saska2014autonomous,
  title={Autonomous deployment of swarms of micro-aerial vehicles in cooperative surveillance},
  author={Saska, Martin and Chudoba, Jan and P{\v{r}}eu{\v{c}}il, Libor and Thomas, Justin and Loianno, Giuseppe and T{\v{r}}e{\v{s}}{\v{n}}{\'a}k, Adam and Von{\'a}sek, Vojt{\v{e}}ch and Kumar, Vijay},
  booktitle={Unmanned Aircraft Systems (ICUAS), 2014 International Conference on},
  pages={584--595},
  year={2014},
  organization={IEEE}
}

@article{eisenbeiss2004mini,
  title={A mini unmanned aerial vehicle (UAV): system overview and image acquisition},
  author={Eisenbeiss, Henri and others},
  journal={International Archives of Photogrammetry. Remote Sensing and Spatial Information Sciences},
  volume={36},
  number={5/W1},
  pages={1--7},
  year={2004}
}


@book{austin2011unmanned,
  title={Unmanned aircraft systems: UAVs design, development and deployment},
  author={Austin, Reg},
  volume={54},
  year={2011},
  publisher={John Wiley \& Sons}
}

@inproceedings{tang2015mixed,
  title={Mixed Integer Quadratic Program trajectory generation for a quadrotor with a cable-suspended payload},
  author={Tang, Sarah and Kumar, Vijay},
  booktitle={Robotics and Automation (ICRA), 2015 IEEE International Conference on},
  pages={2216--2222},
  year={2015},
  organization={IEEE}
}

@online{FAA,
  author = {FAA},
  title = {FAA News: Summary of Small Unmanned Aircraft Rule (Part 107)},
  year = 2016,
  url = {https://www.faa.gov/uas/media/Part_107_Summary.pdf}
}

@online{FAAamt,
  author = {FAA},
  title = {Aviation Maintenance Technician Airframe Handbook},
  year = 2012,
  Volume={Volume 1},
  url ={https://www.faa.gov/regulations_policies/handbooks_manuals/aircraft/amt_airframe_handbook/media/ama_ch02.pdf}
}

@book{marshall2015introduction,
  title={Introduction to unmanned aircraft systems},
  author={Marshall, Douglas M and Barnhart, Richard K and Shappee, Eric and Most, Michael Thomas},
  year={2015},
  publisher={CRC Press}
}


@inproceedings{bai2011stability,
  title={Stability control of quad-rotor based on explicit model following with inverse model feedforward method},
  author={Bai, Yue and Gong, Xun and Hou, ZhiCheng and Tian, YanTao},
  booktitle={2011 IEEE International Conference on Mechatronics and Automation},
  pages={2189--2194},
  year={2011},
  organization={IEEE}
}

@article{michael2010grasp,
  title={The grasp multiple micro-uav testbed},
  author={Michael, Nathan and Mellinger, Daniel and Lindsey, Quentin and Kumar, Vijay},
  journal={IEEE Robotics \& Automation Magazine},
  volume={17},
  number={3},
  pages={56--65},
  year={2010},
  publisher={IEEE}
}

@inproceedings{loianno2015cooperative,
  title={Cooperative localization and mapping of MAVs using RGB-D sensors},
  author={Loianno, Giuseppe and Thomas, Justin and Kumar, Vijay},
  booktitle={2015 IEEE International Conference on Robotics and Automation (ICRA)},
  pages={4021--4028},
  organization={IEEE}
}

@article{leishmanprinciples,
  title={Principles of helicopter aerodynamics, 2000},
  author={Leishman, J Gordon},
  journal={Cambridge Aerospace Series}
}

@article{johnson1980helicopter,
  title={Helicopter theory},
  author={Johnson, Wayne},
  journal={Princeton University},
  year={1980}
}
@book{stepniewski1950introduction,
  title={Introduction to helicopter aerodynamics},
  author={Stepniewski, Wieslaw Zenon},
  year={1958},
  publisher={Rotocraft Pub. Committee}
}


@book{stepniewski1979rotary,
  title={Rotary-wing aerodynamics},
  author={Stepniewski, Wieslaw Zenon and Keys, CN},
  year={1979},
  publisher={Courier Corporation}
}



@inproceedings{atkins2009commercial,
  title={Commercial Low-Altitude UAS Operations in Population Centers},
  author={Atkins, Ella and Khalsa, Amar and Groden, Mark},
  booktitle={9th AIAA Aviation Technology, Integration, and Operations Conference (ATIO) and Aircraft Noise and Emissions Reduction Symposium (ANERS)},
  pages={7070},
  year={2009}
}

@article{gupta2013review,
  title={Review of unmanned aircraft system (UAS)},
  author={Gupta, Suraj G and Ghonge, Mangesh M and Jawandhiya, PM},
  journal={International Journal of Advanced Research in Computer Engineering \& Technology (IJARCET)},
  volume={2},
  number={4},
  pages={pp--1646},
  year={2013}
}


@article{cheeseman1955effect,
  title={The effect of ground on a helicopter rotor in forward flight},
  author={Cheeseman, IC and Bennett, WE},
  year={1955},
  publisher={Citeseer}
}


@article{light1993tip,
  title={Tip vortex geometry of a hovering helicopter rotor in ground effect},
  author={Light, Jeffrey S},
  journal={Journal of the American helicopter society},
  volume={38},
  number={2},
  pages={34--42},
  year={1993},
  publisher={AHS International}
}

@article{knight1941analysis,
  title={Analysis of ground effect on the lifting airscrew},
  author={Knight, Montgomery and Hefner, Ralph A},
  year={1941}
}

@book{seckel2014stability,
  title={Stability and control of airplanes and helicopters},
  author={Seckel, Edward},
  year={2014},
  publisher={Academic Press}
}

@article{curtiss1984rotor,
  title={Rotor aerodynamics in ground effect at low advance ratios},
  author={Curtiss, HC and Sun, M and Putman, WF and Hanker, EJ},
  journal={Journal of the American Helicopter Society},
  volume={29},
  number={1},
  pages={48--55},
  year={1984},
  publisher={AHS International}
}

@book{raza2010intelligent,
  title={Intelligent Flight Control of an Autonomous Quadrotor},
  author={Raza, Syed Ali and Gueaieb, Wail},
  year={2010},
  publisher={INTECH Open Access Publisher}
}


@book{anderson2010fundamentals,
  title={Fundamentals of aerodynamics},
  author={Anderson Jr, John David},
  year={2010},
  publisher={Tata McGraw-Hill Education}
}

@book{shaughnessy2005introduction,
  title={Introduction to fluid mechanics},
  author={Shaughnessy, Edward J and Katz, Ira M and Schaffer, James P},
  volume={8},
  year={2005},
  publisher={Oxford University Press New York}
}

@article{kushleyev2013towards,
  title={Towards a swarm of agile micro quadrotors},
  author={Kushleyev, Alex and Mellinger, Daniel and Powers, Caitlin and Kumar, Vijay},
  journal={Autonomous Robots},
  volume={35},
  number={4},
  pages={287--300},
  year={2013},
  publisher={Springer}
}

@article{radhakrishnan2006experimental,
  title={An experimental investigation of ground effect on a quad tilt rotor in hover and low speed forward flight},
  author={Radhakrishnan, Anand M},
  year={2006}
}

@article{betz,
  title={The ground effect on lifting propellers},
  author={Betz, Albert},
  year={1937}
}

@inproceedings{hayden1976effect,
  title={The effect of the ground on helicopter hovering power required},
  author={Hayden, James S},
  booktitle={32nd annual forum of the American helicopter society, Washington, DC},
  pages={10--12},
  year={1976}
}

@article{mylapore2015experimental,
  title={An Experimental Investigation of Ground Effect on a Quad Tilt Rotor in Hover},
  author={Mylapore, Anand Radhakrishnan and Schmitz, Fredric H},
  journal={Journal of the American Helicopter Society},
  volume={60},
  number={1},
  pages={1--14},
  year={2015},
  publisher={AHS International}
}


@inproceedings{millar2000configuration,
  title={Configuration of an unmanned Ground Effect Vehicle},
  author={Millar, M and Smrcek, L},
  booktitle={International Congress of Aeronautical Sciences, 22 nd, Harrogate, United Kingdom},
  year={2000}
}

@article{rozhdestvensky2006wing,
  title={Wing-in-ground effect vehicles},
  author={Rozhdestvensky, Kirill V},
  journal={Progress in Aerospace Sciences},
  volume={42},
  number={3},
  pages={211--283},
  year={2006},
  publisher={Elsevier}
}

@article{quackenbush1990free,
  title={Free wake analysis of hover performance using a new influence coefficient method},
  author={Quackenbush, Todd R and Bliss, Donald B and Ong, Ching Cho and Ching, Cho Ong},
  year={1990}
}

@inproceedings{ozaslan2015inspection,
  title={Inspection of penstocks and featureless tunnel-like environments using micro UAVs},
  author={{\"O}zaslan, Tolga and Shen, Shaojie and Mulgaonkar, Yash and Michael, Nathan and Kumar, Vijay},
  booktitle={Field and Service Robotics},
  pages={123--136},
  year={2015},
  organization={Springer}
}

@article{iboshi2014ground,
  title={Ground Effect of a Rotor Hovering above a Confined Area},
  author={Iboshi, Naohiro and Itoga, Noriaki and Prasad, JVR and Sankar, Lakshmi N},
  journal={Frontiers in Aerospace Engineering},
  volume={3},
  number={1},
  year={2014}
}

@inproceedings{schmaus2012experimental,
  title={Experimental Study of Rotor Performance in Deep Ground Effect with Application to a Human-Powered Helicopter},
  author={Schmaus, Joseph and Berry, Benjamin and Gross, William and Koliais, Panagiotis},
  booktitle={68th Annual Forum of the American Helicopter Society, Fort Worth, Texas},
  year={2012}
}

@inproceedings{hao2012aerodynamic,
  title={Aerodynamic and Stability Characteristics of NACA4412 in Ground Effects},
  author={Hao, Wang and Teo, CJ and Khoo, BC and Goh, CJ},
  booktitle={Proceedings of International Conference on Intelligent Unmanned Systems},
  volume={8},
  year={2012}
}

@book{harris2012introduction,
  title={Introduction to autogyros, helicopters, and other V/STOL aircraft},
  author={Harris, Franklin D},
  year={2012},
  publisher={National Aeronautics and Space Administration, Ames Research Center}
}

@manual{3DRmanual,
title = {IRIS + Operation Manual},
date = {2015},
OPTlanguage = {English},
OPTorganization = {3D Robotics, Inc.},
OPTpagetotal = {24},
}


@inproceedings{mccrink2015blade,
  title={Blade Element Momentum Modeling of Low-Re Small UAS Electric Propulsion Systems},
  author={McCrink, Matthew and Gregory, James W},
  booktitle={33rd AIAA Applied Aerodynamics Conference},
  pages={3296},
  year={2015}
}

@inproceedings{madsen2007detailed,
  title={A Detailed investigation of the Blade Element Momentum (BEM) model based on analytical and numerical results and proposal for modifications of the BEM model},
  author={Madsen, H Aa and Mikkelsen, R and {\O}ye, Stig and Bak, C and Johansen, Jeppe},
  booktitle={Journal of Physics: Conference Series},
  volume={75},
  number={1},
  pages={012016},
  year={2007},
  organization={IOP Publishing}
}

@article{wilhelm2009momentum,
  title={Momentum Analytical Model of a Circulation Controlled Vertical Axis Wind Turbine (CC-VAWT)},
  author={Wilhelm, JP and Panther, C and Pertl, FA and Smith, JE},
  journal={Proceedings of ES2009 Energy Sustainability},
  pages={19--23},
  year={2009}
}

@article{glauert1935windmills,
  title={Windmills and fans},
  author={Glauert, H},
  journal={Aerodynamic theory},
  volume={3},
  year={1935},
  publisher={Springer: Berlin, Germany}
}

@book{moriarty2005aerodyn,
  title={AeroDyn theory manual},
  author={Moriarty, Patrick J and Hansen, A Craig},
  year={2005},
  publisher={Citeseer}
}

@inproceedings{rwigema2010propeller,
  title={Propeller blade element momentum theory with vortex wake deflection},
  author={Rwigema, MK},
  booktitle={Proceedings of the 27th Congress of the International Council of the Aeronautical Sciences, Nice, France, September},
  pages={19--24},
  year={2010}
}


@article{masters2011robust,
  title={A robust blade element momentum theory model for tidal stream turbines including tip and hub loss corrections},
  author={Masters, Ian and Chapman, JC and Willis, MR and Orme, JAC},
  journal={Journal of Marine Engineering \& Technology},
  volume={10},
  number={1},
  pages={25--35},
  year={2011},
  publisher={Taylor \& Francis}
}

@phdthesis{gilad2011evaluation,
  title={Evaluation of flexible rotor hover performance in extreme ground effect},
  author={Gilad, Mor},
  year={2011}
}

@article{whale2000experimental,
  title={An experimental and numerical study of the vortex structure in the wake of a wind turbine},
  author={Whale, J and Anderson, CG and Bareiss, R and Wagner, S},
  journal={Journal of Wind Engineering and Industrial Aerodynamics},
  volume={84},
  number={1},
  pages={1--21},
  year={2000},
  publisher={Elsevier}
}


@book{chin2012computer,
  title={Computer-Aided Control Systems Design: Practical Applications Using MATLAB{\textregistered} and Simulink{\textregistered}},
  author={Chin, Cheng Siong},
  year={2012},
  publisher={CRC Press}
}

@inproceedings{camp1994turbulence,
  title={Turbulence intensity and length scale measurements in multistage compressors},
  author={Camp, TR and Shin, H-W},
  booktitle={ASME 1994 International Gas Turbine and Aeroengine Congress and Exposition},
  pages={V001T01A001--V001T01A001},
  year={1994},
  organization={American Society of Mechanical Engineers}
}

@article{devinant2002experimental,
  title={Experimental study of wind-turbine airfoil aerodynamics in high turbulence},
  author={Devinant, Ph and Laverne, T and Hureau, J},
  journal={Journal of Wind Engineering and Industrial Aerodynamics},
  volume={90},
  number={6},
  pages={689--707},
  year={2002},
  publisher={Elsevier}
}

@book{kilby2015getting,
  title={Getting Started with Drones: Build and Customize Your Own Quadcopter},
  author={Kilby, Terry and Kilby, Belinda},
  year={2015},
  publisher={Maker Media, Inc.}
}

@book{gamble2009automated,
  title={Automated dynamic propeller testing at low Reynolds numbers},
  author={Gamble, Dustin Eli and Arena, Andrew},
  year={2009},
  publisher={Oklahoma State University}
}

@incollection{eberhart2017impact,
  title={Impact of Varied Power Setting on Thrust of Multi-Rotor VTOL sUAS in Ground Effect},
  author={Eberhart, Gina M and Wilhelm, Jay P},
  booktitle={AIAA Information Systems-AIAA Infotech@ Aerospace},
  pages={0226},
  year={2017}
}

@book{auld2005aerodynamics,
  title={Aerodynamics for students},
  author={Auld, Douglass J and Srinivas, K},
  year={2005},
  publisher={Aerospace, Mechanical \& Mechatronic Engeneering at the University of Sydney}
}

@article{tools2015naca,
  title={NACA 4 digit airfoil generator},
  author={Tools, Airfoil},
  journal={Airfoil Tools},
  year={2015}
}
@misc{PX4,
  title = {{Pixhawk Flight Controller} },
  howpublished = {\url{https://pixhawk.org/}},
  note = {Accessed: 07-01-2017}
}


@article{castles1951empirical,
  title={Empirical relation between induced velocity, thrust, and rate of descent of a helicopter rotor as determined by wind-tunnel tests on four model rotors},
  author={Castles Jr, Walter and Gray, Robin B},
  year={1951}
}